@article{Neural,
  author    = {Leon A. Gatys and
               Alexander S. Ecker and
               Matthias Bethge},
  title     = {A Neural Algorithm of Artistic Style},
  journal   = {CoRR},
  volume    = {abs/1508.06576},
  year      = {2015},
  url       = {http://arxiv.org/abs/1508.06576},
  archivePrefix = {arXiv},
  eprint    = {1508.06576},
  timestamp = {Mon, 13 Aug 2018 01:00:00 +0200},
  biburl    = {https://dblp.org/rec/bib/journals/corr/GatysEB15a},
  bibsource = {dblp computer science bibliography, https://dblp.org}
}

@inproceedings{Image,
  author    = {Leon A. Gatys and
               Alexander S. Ecker and
               Matthias Bethge},
  title     = {Image Style Transfer Using Convolutional Neural Networks},
  booktitle = {2016 {IEEE} Conference on Computer Vision and Pattern Recognition,
               {CVPR} 2016, Las Vegas, NV, USA, June 27-30, 2016},
  pages     = {2414--2423},
  year      = {2016},
  crossref  = {DBLP:conf/cvpr/2016},
  url       = {https://doi.org/10.1109/CVPR.2016.265},
  doi       = {10.1109/CVPR.2016.265},
  timestamp = {Thu, 25 May 2017 01:00:00 +0200},
  biburl    = {https://dblp.org/rec/bib/conf/cvpr/GatysEB16},
  bibsource = {dblp computer science bibliography, https://dblp.org}
}